@article{sklearn,
    title = "http://scikit-learn.org/stable/",
    author = "scikit-learn",
    year = 2018
}

@article{qbeer,
    title = "https://github.com/qbeer/PhotoZ",
    author = "Alex Olar",
    year = 2018
}

@article{deployed_app,
    title = "https://twitter-localization.herokuapp.com",
    author = "Alex Olar",
    year = 2018
}

@article{wiki_haversine,
    title = "https://en.wikipedia.org/wiki/Haversine\_formula",
    author = "Wikipedia",
    year = 2018
}

@article{leaflet,
    title = "https://leafletjs.com",
    author = "LeafletJS",
    year = 2018
}

@article{dbscan,
    title = "https://en.wikipedia.org/wiki/DBSCAN",
    author = "Wikipedia",
    year = 2018
}